%% This BibTeX bibliography file was created using BibDesk.
%% http://bibdesk.sourceforge.net/


%% Created for Renato Pajarola at 2022-10-11 12:08:52 +0200 


%% Saved with string encoding Unicode (UTF-8) 



@article{WGS:07bad,
	address = {Los Alamitos, CA, USA},
	author = {Chaoli Wang and Antonio Garcia and Han-Wei Shen},
	date-modified = {2022-10-11 12:08:51 +0200},
	doi = {http://doi.ieeecomputersociety.org/10.1109/TVCG.2007.15},
	issn = {1077-2626},
	journal = {IEEE Transactions on Visualization and Computer Graphics},
	pages = {122-134},
	publisher = {IEEE Computer Society},
	title = {Interactive Level-of-Detail Selection Using Image-Based Quality Metric for Large Volume Visualization},
	volume = {13},
	year = {2007},
	bdsk-url-1 = {http://doi.ieeecomputersociety.org/10.1109/TVCG.2007.15}}

@inproceedings{Suss:10bad,
	acmid = {1906921},
	address = {Washington, DC, USA},
	author = {Suss, Tim and Wiesemann, Timo and Fischer, Matthias},
	booktitle = {Proceedings of the 2010 IEEE Fifth International Conference on Networking, Architecture, and Storage},
	date-modified = {2022-10-11 12:08:48 +0200},
	doi = {http://dx.doi.org/10.1109/NAS.2010.52},
	isbn = {978-0-7695-4134-1},
	keywords = {protocol, parallel, network, rendering, out-ofcore},
	numpages = {9},
	pages = {448--456},
	publisher = {IEEE Computer Society},
	series = {NAS '10},
	year = {2010},
	bdsk-url-1 = {http://dx.doi.org/10.1109/NAS.2010.52}}

@article{Strugar:10bad,
	author = {Filip Strugar},
	date-modified = {2022-10-11 12:08:44 +0200},
	journal = {journal of graphics, gpu, and game tools},
	number = {4},
	pages = {57-74},
	title = {Continuous Distance-Dependent Level of Detail for Rendering Heightmaps},
	volume = {14},
	year = {2009}}

@inproceedings{Koltun:00bad,
	acmid = {732124},
	address = {London, UK},
	author = {Koltun, Vladlen and Chrysanthou, Yiorgos and Cohen-Or, Daniel},
	booktitle = {Proceedings of the Eurographics Workshop on Rendering Techniques 2000},
	date-modified = {2022-10-11 12:08:41 +0200},
	isbn = {3-211-83535-0},
	numpages = {12},
	pages = {59--70},
	publisher = {Springer-Verlag},
	title = {Virtual Occluders: An Efficient Intermediate PVS Representation},
	year = {2000}}

@inproceedings{HXS:09bad,
	author = {Chang Hui and Lei Xiaoyong and Dai Shuling},
	booktitle = {IEEE International Conference on Computer Science and Information Technology},
	date-modified = {2022-10-11 12:08:38 +0200},
	doi = {10.1109/ICCSIT.2009.5234831},
	keywords = {alpha blending;dynamic load balancing algorithm;fragment shadering;graphical processing unit;optimization method;rendering load distribution;screen space division strategy;sort-first rendering cluster;pattern clustering;rendering (computer graphics);resource allocation;},
	month = {aug.},
	pages = {515 -519},
	title = {A dynamic load balancing algorithm for sort-first rendering clusters},
	year = {2009},
	bdsk-url-1 = {https://doi.org/10.1109/ICCSIT.2009.5234831}}

@inproceedings{HWH:10bad,
	added-at = {2011-04-05T00:00:00.000+0200},
	author = {Mark Howison and E. Wes Bethel and Hank Childs},
	booktitle = {EGPGV},
	date-modified = {2022-10-11 12:08:35 +0200},
	editor = {James P. Ahrens and Kurt Debattista and Renato Pajarola},
	isbn = {978-3-905674-21-7},
	keywords = {dblp},
	pages = {1-10},
	publisher = {Eurographics Association},
	title = {MPI-hybrid Parallelism for Volume Rendering on Large, Multi-core Systems.},
	year = 2010}

@article{Fout:07bad,
	address = {Department of Computer Science, University of California, Davis. fout@cs.ucdavis.edu},
	au = {Fout, N and Ma, KL},
	author = {Fout, Nathaniel and Ma, Kwan-Liu},
	date-modified = {2022-10-11 12:08:32 +0200},
	dcom = {20071214},
	doi = {10.1109/TVCG.2007.70606},
	edat = {2007/10/31 09:00},
	issn = {1077-2626 (Print)},
	jid = {9891704},
	journal = {IEEE Trans Vis Comput Graph},
	jt = {IEEE transactions on visualization and computer graphics},
	language = {eng},
	mhda = {2007/10/31 09:01},
	number = {6},
	own = {NLM},
	pages = {1600--1607},
	pl = {United States},
	pmid = {17968115},
	pst = {ppublish},
	pt = {Journal Article},
	pubm = {Print},
	so = {IEEE Trans Vis Comput Graph. 2007 Nov-Dec;13(6):1600-7.},
	stat = {PubMed-not-MEDLINE},
	title = {Transform coding for hardware-accelerated volume rendering.},
	volume = {13},
	year = {2007},
	bdsk-url-1 = {https://doi.org/10.1109/TVCG.2007.70606}}

@inproceedings{CYHPK:97bad,
	acmid = {267098},
	address = {Los Alamitos, CA, USA},
	author = {Chiueh, Tzi-cker and Yang, Chuan-kai and He, Taosong and Pfister, Hanspeter and Kaufman, Arie~E.},
	booktitle = {Proceedings of the 8th conference on Visualization '97},
	date-modified = {2022-10-11 12:08:25 +0200},
	isbn = {1-58113-011-2},
	keywords = {Fourier projection theorem, discrete Hartley transform, image compositing, volume compression},
	location = {Phoenix, Arizona, United States},
	pages = {329--336},
	publisher = {IEEE Computer Society Press},
	series = {VIS '97},
	title = {Integrated Volume Compression and Visualization},
	year = {1997}}

@inproceedings{CMF:05bad,
	author = {Xavier Cavin and Christophe Mion and Alain Filbois},
	booktitle = {Proceedings IEEE Visualization},
	date-modified = {2022-10-11 12:08:21 +0200},
	keywords = {graphics, parallel rendering},
	pages = {111--118},
	publisher = {Computer Society Press},
	title = {{COTS} Cluster-based Sort-last Rendering: Performance Evaluation and Pipelined Implementation},
	year = {2005}}

@inproceedings{CH:09bad,
	acmid = {1735611},
	address = {Aire-la-Ville, Switzerland, Switzerland},
	author = {Courbet, Clement and Hudelot, Celine},
	booktitle = {Proceedings of the Symposium on Geometry Processing},
	date-modified = {2022-10-11 12:08:28 +0200},
	location = {Berlin, Germany},
	numpages = {8},
	pages = {1311--1318},
	publisher = {Eurographics Association},
	series = {SGP '09},
	title = {Random accessible hierarchical mesh compression for interactive visualization},
	year = {2009}}

@inproceedings{AGLMR:02bad,
	author = {J. Allard and V. Gouranton and L. Lecointre and E. Melin and B. Raffin},
	booktitle = {Proceeding IEEE Virtual Reality},
	date-modified = {2022-10-11 12:08:17 +0200},
	keywords = {graphics, parallel rendering},
	pages = {275--276},
	title = {NetJuggler: Running {VR Juggler} with Multiple Displays on a Commodity Component Cluster},
	year = {2002}}
