
@article{WGS:07,
	Author = {Chaoli Wang and Antonio Garcia and Han-Wei Shen},
	Journal = {IEEE Transactions on Visualization and Computer Graphics},
	Month = {January/February},
	Number = {1},
	Pages = {122-134},
	Title = {Interactive Level-of-Detail Selection Using Image-Based Quality Metric for Large Volume Visualization},
	Volume = {13},
	Year = {2007}}

@inproceedings{SWF:10,
	Author = {Suss, Tim and Wiesemann, Timo and Fischer, Matthias},
	Booktitle = {Proceedings IEEE International Conference on Networking, Architecture, and Storage},
	Keywords = {protocol, parallel, network, rendering, out-ofcore},
	Pages = {448--456},
	Title = {Evaluation of a c-load-collision-protocol for Load-balancing in Interactive Environments},
	Year = {2010}}

@article{Strugar:10,
	Author = {Filip Strugar},
	Journal = {Journal of Graphics, GPU and Game Tools},
	Number = {4},
	Pages = {57-74},
	Title = {Continuous Distance-Dependent Level of Detail for Rendering Heightmaps},
	Volume = {14},
	Year = {2009}}

@inproceedings{KCC:00,
	Author = {Koltun, Vladlen and Chrysanthou, Yiorgos and Cohen-Or, Daniel},
	Booktitle = {Proceedings Eurographics Workshop on Rendering Techniques},
	Pages = {59--70},
	Title = {Virtual Occluders: An Efficient Intermediate {PVS} Representation},
	Year = {2000}}

@inproceedings{HXS:09,
	Author = {Chang Hui and Lei Xiaoyong and Dai Shuling},
	Booktitle = {Proceedings IEEE International Conference on Computer Science and Information Technology},
	Keywords = {graphics, parallel rendering, load balancing, alpha blending, sort-first rendering},
	Pages = {515 -519},
	Title = {A Dynamic Load Balancing Algorithm for Sort-first Rendering Clusters},
	Year = {2009}}

@inproceedings{HWH:10,
	Author = {Mark Howison and Wes~E. Bethel and Hank Childs},
	Booktitle = {Proceedings Eurographics Symposium on Parallel Graphics and Visualization},
	Pages = {1-10},
	Title = {{MPI}-hybrid Parallelism for Volume Rendering on Large, Multi-core Systems},
	Year = 2010}

@article{FM:07,
	Author = {Fout, Nathaniel and Ma, Kwan-Liu},
	Journal = {IEEE Transactions on Visualization and Computer Graphics},
	Number = {6},
	Pages = {1600--1607},
	Title = {Transform coding for hardware-accelerated volume rendering.},
	Volume = {13},
	Year = {2007}}

@inproceedings{CYHPK:97,
	Author = {Chiueh, Tzi-cker and Yang, Chuan-kai and He, Taosong and Pfister, Hanspeter and Kaufman, Arie~E.},
	Booktitle = {Proceedings IEEE Visualization},
	Keywords = {visualization, Fourier projection theorem, discrete Hartley transform, image compositing, volume compression},
	Pages = {329--336},
	Title = {Integrated Volume Compression and Visualization},
	Year = {1997}}

@inproceedings{CMF:05,
	Author = {Xavier Cavin and Christophe Mion and Alain Filbois},
	Booktitle = {Proceedings IEEE Visualization},
	Keywords = {graphics, parallel rendering},
	Pages = {111--118},
	Title = {{COTS} Cluster-based Sort-last Rendering: Performance Evaluation and Pipelined Implementation},
	Year = {2005}}

@inproceedings{CH:09,
	Author = {Courbet, Clement and Hudelot, Celine},
	Booktitle = {Proceedings Eurographics Symposium on Geometry Processing},
	Keywords = {graphics, geometry, mesh compression},
	Pages = {1311--1318},
	Title = {Random accessible hierarchical mesh compression for interactive visualization},
	Year = {2009}}

@inproceedings{AGLMR:02,
	Author = {Allard, J\'er\'emie and Gouranton, Val\'erie and Lecointre, Lo{\"{\i}}ck and Melin, Emmanuel and Raffin, Bruno},
	Booktitle = {Proceeding IEEE Virtual Reality},
	Keywords = {graphics, parallel rendering},
	Pages = {275--276},
	Title = {{Net Juggler}: Running {VR Juggler} with Multiple Displays on a Commodity Component Cluster},
	Year = {2002}}

@inproceedings{YL:22,
  Author = {Yu, Mulin and Lafarge, Florent},
  Title = {Finding Good Configurations of Planar Primitives in Unorganized Point Clouds},
  booktitle = {Proc. of the IEEE conference on Computer Vision and Pattern Recognition (CVPR)},
  Year = {2022},
  address = {New Orleans, US},
}
