@inproceedings{YL:22,
  Author = {Yu, Mulin and Lafarge, Florent},
  Title = {Finding Good Configurations of Planar Primitives in Unorganized Point Clouds},
  booktitle = {Proc. of the IEEE conference on Computer Vision and Pattern Recognition (CVPR)},
  Year = {2022},
  address = {New Orleans, US},
}

@inproceedings{CGS:19,
  title={4D Spatio-Temporal ConvNets: Minkowski Convolutional Neural Networks},
  author={Choy, Christopher and Gwak, JunYoung and Savarese, Silvio},
  booktitle={Proceedings of the IEEE Conference on Computer Vision and Pattern Recognition},
  pages={3075--3084},
  year={2019}
}

@InProceedings{IOAHIMS:16,
title ={3D Semantic Parsing of Large-Scale Indoor Spaces},
author = {Iro Armeni and Ozan Sener and Amir R. Zamir and Helen Jiang and Ioannis Brilakis and Martin Fischer and Silvio Savarese},
booktitle = {Proceedings of the IEEE International Conference on Computer Vision and Pattern Recognition},
year = {2016}, 
}

@InProceedings{OR:21,
    author    = {Ouyang, Bojun and Raviv, Dan},
    title     = {Occlusion Guided Scene Flow Estimation on 3D Point Clouds},
    booktitle = {Proceedings of the IEEE/CVF Conference on Computer Vision and Pattern Recognition (CVPR) Workshops},
    month     = {June},
    year      = {2021},
    pages     = {2805-2814}
}

@InProceedings{WLYLK:21,
    author    = {Wang, Hanchen and Liu, Qi and Yue, Xiangyu and Lasenby, Joan and Kusner, Matt J.},
    title     = {Unsupervised Point Cloud Pre-Training via Occlusion Completion},
    booktitle = {Proceedings of the IEEE/CVF International Conference on Computer Vision (ICCV)},
    month     = {October},
    year      = {2021},
    pages     = {9782-9792}
}

@online{McGuire2017Data,
  title = {Computer Graphics Archive},
  author = {Morgan McGuire},
  year = {2017},
  month = {July},
  url = {https://casual-effects.com/data}
}

@Manual{B:18,
   title = {Blender - a 3D modelling and rendering package},
   author = {Blender Online Community},
   organization = {Blender Foundation},
   address = {Stichting Blender Foundation, Amsterdam},
   year = {2018},
   url = {http://www.blender.org},
 }
